<record><leader>00000cas a22000007a 4500</leader><controlfield tag="001">20817760</controlfield><controlfield tag="008">891222d19401950mnucr ne      0    0eng d</controlfield><datafield ind1=" " ind2=" " tag="010"><subfield code="a">sn 89064842 </subfield></datafield><datafield ind1=" " ind2=" " tag="040"><subfield code="a">MN#</subfield><subfield code="b">eng</subfield><subfield code="c">MN#</subfield><subfield code="d">OCLCQ</subfield><subfield code="d">OCLCF</subfield><subfield code="d">OCLCO</subfield></datafield><datafield ind1=" " ind2=" " tag="042"><subfield code="a">msc</subfield></datafield><datafield ind1=" " ind2=" " tag="043"><subfield code="a">n-us-mn</subfield></datafield><datafield ind1=" " ind2=" " tag="052"><subfield code="a">4144</subfield><subfield code="b">R44</subfield></datafield><datafield ind1=" " ind2=" " tag="052"><subfield code="a">4143</subfield><subfield code="b">R4</subfield></datafield><datafield ind1="0" ind2="4" tag="245"><subfield code="a">The Redwood gazette and the Redwood County sun.</subfield></datafield><datafield ind1=" " ind2=" " tag="260"><subfield code="a">Redwood Falls, Minn. :</subfield><subfield code="b">Redwood Gazette Pub. Co.,</subfield><subfield code="c">1940-1950.</subfield></datafield><datafield ind1=" " ind2=" " tag="300"><subfield code="a">11 v.</subfield></datafield><datafield ind1=" " ind2=" " tag="310"><subfield code="a">Semiweekly</subfield></datafield><datafield ind1="0" ind2=" " tag="362"><subfield code="a">71st year, no. 46 (May 9, 1940)-81st year, no. 44 (Feb. 14, 1950).</subfield></datafield><datafield ind1=" " ind2=" " tag="530"><subfield code="a">Available on microfilm from the Minnesota Historical Society.</subfield></datafield><datafield ind1=" " ind2="0" tag="651"><subfield code="a">Redwood Falls (Minn.)</subfield><subfield code="v">Newspapers.</subfield></datafield><datafield ind1=" " ind2="7" tag="655"><subfield code="a">Newspapers.</subfield><subfield code="2">fast</subfield><subfield code="0">(OCoLC)fst01423814</subfield></datafield><datafield ind1=" " ind2="7" tag="651"><subfield code="a">Minnesota</subfield><subfield code="z">Redwood Falls.</subfield><subfield code="2">fast</subfield><subfield code="0">(OCoLC)fst01227783</subfield></datafield><datafield ind1=" " ind2=" " tag="752"><subfield code="a">United States</subfield><subfield code="b">Minnesota</subfield><subfield code="c">Redwood</subfield><subfield code="d">Redwood Falls.</subfield></datafield><datafield ind1="0" ind2=" " tag="775"><subfield code="t">Daily sun (Redwood Falls, Minn.)</subfield></datafield><datafield ind1="0" ind2="4" tag="780"><subfield code="t">Redwood gazette (Redwood Falls, Minn. : 1873)</subfield><subfield code="w">(DLC)sn 85025570</subfield></datafield><datafield ind1="0" ind2="4" tag="780"><subfield code="t">Redwood County sun</subfield><subfield code="w">(DLC)sn 89064840</subfield></datafield><datafield ind1="0" ind2="0" tag="785"><subfield code="t">Redwood gazette (Redwood Falls, Minn. : 1950)</subfield><subfield code="w">(DLC)sn 89064843</subfield></datafield></record>